
@inproceedings{Wen99,
 author = {M. Wenzel},
 title = {Isar - {A} generic interpretative approach to readable formal proof documents},
 booktitle = {Proc.\ 12th Conference on Theorem Proving in Higher Order Logics},
 year = {1999},
 pages = {167--184},
  series    = {LNCS},
  volume ={1690},
  publisher = {Springer},
}

@inproceedings{DBLP:conf/lpar/DechesneMO07,
  author    = {F. Dechesne and
               M. R. Mousavi and
               S. Orzan},
  title     = {Operational and Epistemic Approaches to Protocol Analysis:
               {B}ridging the Gap},
  booktitle = {Proc.\ 14th Conference on Logic for Programming, Artificial Intelligence, and Reasoning},
  pages     = {226-241},
 publisher = {Springer},
  series    = {LNCS},
  volume    = {4790},
  year      = {2007},
}

@article{DBLP:journals/tcs/AbadiC06,
  author    = {M. Abadi and
               V. Cortier},
  title     = {Deciding knowledge in security protocols under equational
               theories},
  journal   = {Theoretical Computer Science},
  volume    = {367},
  number    = {1-2},
  year      = {2006},
  pages     = {2-32},
  ee        = {http://dx.doi.org/10.1016/j.tcs.2006.08.032},
  bibsource = {DBLP, http://dblp.uni-trier.de}
}


@article{DBLP:journals/joc/AbadiR07,
  author    = {M. Abadi and
               P. Rogaway},
  title     = {Reconciling Two Views of Cryptography (The Computational
               Soundness of Formal Encryption)},
  journal   = {Journal of Cryptology},
  volume    = {20},
  number    = {3},
  year      = {2007},
  pages     = {395},
  ee        = {http://dx.doi.org/10.1007/s00145-007-0203-0},
  bibsource = {DBLP, http://dblp.uni-trier.de}
}


@inproceedings{FMG06,
  author={Z. Furqan and S. Muhammad and R. K. Guha},
  booktitle={Proc.\ Conference on Networking and Conference on Mobile Communications and Learning Technologies},
  title={Formal verification of 802.11i using strand space formalism},
  year={2006},
  pages={140},
  publisher = {IEEE CS},
}

@inproceedings{SH07,
  author = {R. Sharp and M. R. Hansen},
  title = {Timed traces and strand spaces},
  booktitle = {Proc.\ 2nd Symposium on Computer Science in Russia},
  series = {LNCS},
  publisher = {Springer},
  pages = {373-386},
  volume = {4649},
  year = {2007}
}

@inproceedings{KG09,
   author = {A. Kamil and G. Lowe},
   title = {Specifying and modelling secure channels in strand spaces},
   booktitle = {Proc.\ 6th Workshop on Formal Aspects in Security and Trust},
   series = {LNCS},
   publisher = {Springer},
   pages = {233-247},
   volume = {5983},
   year = {2010}
}

@inproceedings{WZL05,
   author = {H. Wang and Y. Zhang and Y. Li},
   title = {Modeling for security verification of a cryptographic protocol with {MAC} payload},
   booktitle = {Proc.\ International Conference on Intelligent Computing},
   series = {LNCS},
   publisher = {Springer},
   pages = {538-547},
   volume = {3645},
   year = {2005}
}

@inproceedings{Gut02,
  author = {J. D. Guttman},
  title = {Security protocol design via authentication tests},
  booktitle ={Proc.\ 15th IEEE Computer Security Foundations Workshop},
  year = {2002},
  pages = {92-103},
  publisher = {IEEE CS},
}

@inproceedings{Mil95,
  author = {J. K. Millen},
  title = {The Interrogator model},
  booktitle ={Proc.\ 16th IEEE Symposium on Security and Privacy},
  year = {1995},
  pages = {251-260},
  publisher = {IEEE CS},
}

@inproceedings{ORS92,
   author = {S. Owre and J. M. Rushby and N. Shankar},
   title = {{PVS:} {A} prototype verification system},
   booktitle = {Proc.\ 11th Conference on Automated Deduction},
   year = {1992},
   series = {LNAI},
   volume = {607},
   pages = {748--752},
   publisher = {Springer},
}

@article{FHG99,
  author = {F. {Javier Thayer} and J. C. Herzog and J. D. Guttman},
  title = {Strand spaces: {P}roving security protocols correct},
  journal = {Journal of Computer Security},
  volume = {7},
  number = {1},
  year  = {1999},
  pages = {191-230},
}

@inproceedings{FHG98,
  author    = {F. {Javier Thayer} and J. C. Herzog and J. D. Guttman},
  title     = {Strand spaces: {W}hy is a security protocol correct?},
  booktitle = {Proc.\ 19th IEEE Symposium on Security and Privacy},
  pages = {96-109},
  year  = {1998},
  publisher = {IEEE CS},
}

@inproceedings{GF01,
  author    = {J. D. Guttman and F. {Javier Thayer}},
  title     = {Authentication tests},
  booktitle = {Proc.\ 12th IEEE Symposium on Security and Privacy},
  pages = {96-109},
  year  = {2001},
  publisher = {IEEE CS},
}

@article{GF02,
  author    = {J. D. Guttman and F. {Javier Thayer}},
  title     = {Authentication tests and the structure of bundles},
  journal   = {Theoretical Computer Science},
  volume    = {283},
  number    = {2},
  year  = {2002},
  pages = {333-380}
}

@inproceedings{Gut01,
  author = {J. D. Guttman},
  title = {Key compromise, strand spaces, and the authentication tests},
  booktitle = {Proc.\ 7th Conference on the Mathematical Foundations of Programming Semantics},
  series = {ENTCS},
  volume = {45},
  year  = {2001},
  pages = {1-21}
}

@inproceedings{Li05,
  author    = {Y. Li},
  title     = {The inductive approach to strand space},
  booktitle = {Proc.\ 25th IFIP Conference on Formal Techniques for Networked and Distributed Systems},
  series = {LNCS},
  volume=  {3731},
  pages = {547-552},
  year  = {2005},
  publisher = {Springer},
}

@inproceedings{BCJS02,
  author    = {F. Butler and I. Cervesato and A. Jaggard and A. Scedrov},
  title     = {A formal analysis of some properties of {K}erberos 5 using {MSR}},
  booktitle = {Proc.\ 15th IEEE Computer Security Foundations Workshop},
  pages = {175-190},
  year  = {2002},
  publisher = {IEEE CS},
}

@article{DS81,
  author    = {D. Denning and G. Sacco},
  title     = {Timestamps in key distribution protocols},
  journal   = {Communications of the ACM},
  volume    = {24},
  number    = {8},
  pages = {533-536},
  year  = {1981},
}

@article{NS78,
  author    = {R. M. Needham and M. D. Schroeder},
  title     = {Using encryption for authentication in large networks of computers},
  journal   = {Communications of the ACM},
  volume    = {21},
  number    = {12},
  pages = {993-999},
  year  = {1978},
}

@book{NPW02,
  author    = {T. Nipkow and L. C. Paulson and M. Wenzel},
  title     = {Isabelle/HOL - A Proof Assistant for Higher-Order Logic},
  series    = {LNCS 2283},
  year  = {2002},
  publisher = {Springer},
}

@article{Pau98,
  author    = {L. C. Paulson},
  title     = {The Inductive Approach to Verifying Cryptographic Protocols},
  journal   = {Journal of Computer Security},
  volume    = {6},
  number    = {1-2},
  pages = {85-128},
  year  = {1998},
}

@TechReport{MNS89,
 author = {S. P. Miller and J. I. Neuman and J. I. Schiller and J. H. Saltzer},
 title      = {Kerberos Authentication and Authorisation System},
 institution    = {Technical Plan Section E.2.1, MIT - Athena},
 year       = {1989}
}

@TechReport{MNS05,
 author = {C. Neuman, S. Hartman, K. Raeburn},
 title      = {The {K}erberos network authentication service(V5)},
 institution    = {Internet RFC 4120},
 year       = {2005}
}

@PHDThesis{Bel00,
  author    = {G. Bella},
  title     = {Inductive Verification of Cryptographic Protocols},
  school    = {Cambridge University Computer Laboratory},
  year  = {2000},
}

@inproceedings{Low96,
  author    = {G. Lowe},
  title     = {Breaking and fixing the {N}eedham-{S}chroeder public-key protocol using {FDR}},
  booktitle = {Proc.\ 2nd Conference on Tools and Algorithms for the Construction and Analysis of Systems},
  series    = {LNCS},
  volume = {1055},
  pages = {147-166},
  year  = {1996},
  publisher = {Springer},
}

@inproceedings{Low96b,
  author    = {G. Lowe},
  title     = {Some new attacks upon security protocols},
  booktitle = {Proc.\ 9th IEEE Computer Security Foundations Workshop},
  pages = {162-169},
  year  = {1996},
  publisher = {IEEE CS},
}

@inproceedings{HS00,
  author    = {J. Heather and S. A. Schneider},
  title     = {Toward automatic verification of authentication protocols on an unbounded network},
  booktitle = {Proc.\ 13th IEEE Computer Security Foundations Workshop},
  pages = {132--143},
  year  = {2000},
  publisher = {IEEE CS},
}

@inproceedings{MMS97,
  author    = {J. C. Mitchell and M. Mitchell and U. Stern},
  title     = {Automated analysis of cryptographic protocols using {M}urphi},
  booktitle = {Proc.\ 18th Symposium on Security and Privacy},
  pages = {141--153},
  year  = {1997},
  publisher = {IEEE CS},
}

@article{BEL05,
  author    = {L. Bozga and C. Ene and Y. Lakhnech},
  title     = {A symbolic decision procedure for cryptographic protocols with time stamps},
  journal   = {Journal of Logic and Algebraic Programming},
  volume    = {65},
  number    = {1},
  pages = {1--35},
  year  = {2005},
}

@inproceedings{JHG99,
  author  = {F. {Javier Thayer} and J. C. Herzog and J. D. Guttman},
  title  = {Mixed strand spaces },
  booktitle = {Proc.\ 12th IEEE Computer Security Foundations Workshop},
  pages = {72--82},
  year  = {1999},
  publisher = {IEEE CS},
  }

@inproceedings{GJ00,
  author  = {J. D. Guttman and F. {Javier Thayer}},
  title  = {Protocol independence through disjoint encryption},
  booktitle = {Proc.\ 13th IEEE Computer Security Foundations Workshop},
  pages = {24--34},
  year  = {2000},
  publisher = {IEEE CS},
  }

@Misc{Li08,
  author    = {Y. Li},
  title     = {Strand Spaces and Security Protocols},
  note  = {\url{http://lcs.ios.ac.cn/~lyj238/strand.html}},
  year  = {2008},
}

@inproceedings{Mea99,
  author  = {C. Meadows},
  title  = {Analysis of the internet key exchange protocol using the {NRL} protocol analyzer},
  booktitle = {Proc.\ 12th IEEE Computer Security Foundations Workshop},
  pages = {216--231},
  year  = {1999},
  publisher = {IEEE CS},
}

@inproceedings{Cre06,
 author = {C. J. F. Cremers},
  title     = {Feasibility of multi-protocol attacks},
  booktitle = {Proc.\ 1st Conference on Availability, Reliability and Security},
  pages = {287-294},
  year  = {2006},
  publisher = {IEEE CS},
  }

@InProceedings{LP06,
  author    = {Y. Li and J. Pang},
  title     = {Generalized unsolicited tests for authentication protocol analysis},
  booktitle = {Proc.\ 7th Conference on Parallel and Distributed Computing, Applications and Technologies},
  year  = {2006},
  pages = {509-514},
  publisher = {IEEE CS},
}

@article{DY83,
  author    = {D. Dolev and A.C. Yao},
  title     = {On the security of public key protocols},
  journal   = {IEEE Transactions on Information Theory},
  volume    = {29},
  number    = {12},
  pages = {198--208},
  year  = {1983},
}

@article{BAN90,
  author    = {M. Burrows and M. Abadi and R. M. Needham},
  title     = {A logic of authentication},
  journal   = {ACM Transactions on Computer Systems},
  volume    = {8},
  number    = {1},
  pages = {18-36},
  year  = {1990},
}

@inproceedings{PS00,
  author    = {A. Perrig and D. X. Song},
  title     = {Looking for diamonds in the desert: {E}xtending automatic protocol generation to three-party
authentication and key agreement protocols},
  booktitle = {Proc.\ 13th IEEE Computer Security Foundations Workshop},
  pages = {64--76},
  year  = {2000},
  publisher = {IEEE CS},
}

@inproceedings{Son99,
  author    = {D. X. Song},
  title     = {Athena: {A} new efficient automated checker for security protocol analysis},
  booktitle = {Proc.\ 12th IEEE Computer Security Foundations Workshop},
  pages = {192--202},
  year  = {1999},
  publisher = {IEEE CS},
}

@inproceedings{Sch97,
  author    = {S. Schneider},
  title     = {Verifying authentication protocols with {CSP}},
  booktitle = {Proc.\ 10th IEEE Computer Security Foundations Workshop},
  pages = {3--17},
  year  = {1997},
  publisher = {IEEE CS},
}

@inproceedings{Pau97,
  author    = {L. C. Paulson},
  title     = {Proving properties of security protocols by induction},
  booktitle = {Proc.\ 10th IEEE Computer Security Foundations Workshop},
  pages = {70--83},
  year  = {1997},
  publisher = {IEEE CS},
}

@article{JH08,
  author    = {B. Jacobs and I. Hasuo},
  title     = {Semantics and logic for security protocols},
  journal   = {Journal of Computer Security},
  year  = {2009},
  volume = {17},
  number = {6},
  pages  = {909-940},
}

@Book{Pau96,
  author    = {L. C. Paulson},
  title     = {ML for the Working Programmer},
  year  = {1996},
  publisher = {University of Cambridge Press},
}

@article{OR87,
  author    = {D. Otway and O. Rees},
  title     = {Efficient and timely mutual authentication},
  journal   = {Operating Systems Reviews},
  year  = {1987},
  volume    = {27},
  number    = {2},
  pages = {10--14},
}

 @InProceedings{LP07,
  author    = {Y. Li and J. Pang},
  title     = {Extending the strand space method to verify {K}erberos V},
  booktitle = {Proc.\ 8th Conference on Parallel and Distributed Computing, Applications and Technologies},
  year  = {2007},
  pages = {437-444},
  publisher = {IEEE CS},
}



@inproceedings{Li05,
  author    = {Y. Li},
  title     = {The inductive approach to strand space},
  booktitle = {Proc.\ 25th IFIP Conference on Formal Techniques for Networked and Distributed Systems},
  series    = {LNCS},
  volume        = {3731},
  pages     = {547-552},
  year      = {2005},
  publisher     = {Springer},
}

@inproceedings{GHPR05,
  author        = {F. D. Garcia and I. Hasuo and W. Pieters and van Rossum, P.},
  title         = {Provable anonymity},
  booktitle     = {Proc.\ 3rd Workshop on Formal Methods in Security Engineering},
  pages     = {63--72},
  publisher     = {ACM},
  year      = {2005},
}

@PHDThesis{Bel00,
  author        = {G. Bella},
  title         = {Inductive Verification of Cryptographic Protocols},
  school        = {Cambridge University Computer Laboratory},
  year      = {2000},
}

@article{JH08,
  author        = {B. Jacobs and I. Hasuo},
  title         = {Semantics and logic for security protocols},
  journal       = {Journal of Computer Security},
  volume        = {17},
  number        = {6},
  pages     = {909-944},
  year      = {2009},
}

@InProceedings{BP05,
  title         = {Probabilistic Anonymity},
  author        = {M. Bhargava and C. Palamidessi},
  pages         = {171--185},
  booktitle     = {Proc.\  16th Conference on Concurrency Theory},
  year          = {2005},
  series        = {LNCS},
  volume        = {3653},
  publisher     = {Springer},
}

@article{HN05,
  title     = {Anonymity and Information Hiding in Multiagent Systems},
  author    = {J. Y. Halpern and K. R. {O'Neill}},
  journal   = {Journal of Computer Security},
  volume        = {13},
  number        = {3},
  pages     = {483--514},
  year      = {2005}
}

@article{HS04,
  author    = {Hughes, D. and Shmatikov, V.},
  title     = {Information Hiding, Anonymity and Privacy: A Modular Approach},
  journal   = {Journal of Computer Security},
  year      = {2004},
  volume    = {12},
  number    = {1},
  pages     = {3-36}
}

@inproceedings{KR05,
  author    = {S. Kremer and M. Ryan},
  booktitle     = {Proc.\ 14th European Symposium on Programming},
  pages     = {186-200},
  series    = {LNCS},
  title     = {Analysis of an Electronic Voting Protocol in the Applied Pi-Calculus},
  volume    = {3444},
  publisher     = {Springer},
  year      = {2005}
}

@inproceedings{MVV04,
  author    = {S. Mauw and J. Verschuren and Vink, E. P. de},
  title     = {A Formalization of Anonymity and Onion Routing},
  booktitle     = {Proc.\ 9th European Symposium on Research in Computer Security},
  publisher     = {Springer},
  series        = {LNCS},
  volume        = {3193},
  year      = {2004},
  pages     = {109--124}
}

@inproceedings{SS96,
  author        = {S. Schneider and A. Sidiropoulos},
  title         = {{CSP} and Anonymity},
  booktitle     = {Proc.\ 4th European Symposium on Research in Computer Security},
  year          = {1996},
  publisher     = {Springer},
  series        = {LNCS},
  volume        = {1146},
  pages         = {198-218},
}

@Article{Shm04,
  author    = {Shmatikov,V.},
  title     = {Probabilistic Model Checking of an Anonymity System},
  journal   = {Journal of Computer Security},
  year      = {2004},
  volume    = {12},
  number    = {3/4},
  pages     = {355-377}
}

@InProceedings{Cho06,
  title     = {Analysing the Mute Anonymous File-Sharing System Using the Pi-calculus},
  author    = {T. Chothia},
  booktitle     = {Proc.\ 26th Conference on  Formal Methods for Networked and Distributed Systems},
  year      = {2006},
  series    = {LNCS},
  volume        = {4229},
  publisher     = {Springer},
  pages         = {115-130}
}


@InProceedings{DPP07,
  author        = {Y. Deng and C. Palamidessi and J. Pang},
  title         = {Weak probabilistic anonymity},
  booktitle     = {Proc.\ 3rd Workshop on Security Issues in Concurrency},
  series        = {ENTCS},
  year          = {2007},
  volume        = {180},
  pages         = {55-76},
}

@PhdThesis{Mer83,
  author    = {M. J. Meritt},
  title     = {Cryptographic Protocols},
  school    = {Georgia Institute of Technology},
  year      = {1983}
}


@misc{PH10,
  author    = {A. Pfitzmann and M. Hansen},
  title     = {A terminology for talking about privacy by data minimization:
            Anonymity, Unlinkability, Undetectability, Unobservability,
            Pseudonymity, and Identity Management},
  month     = {April},
  year      = {2010},

}

@inproceedings{Li05,
  author    = {Y. Li},
  title     = {The inductive approach to strand space},
  booktitle = {Proc.\ 25th IFIP Conference on Formal Techniques for Networked and Distributed Systems},
  series    = {LNCS},
  volume    = {3731},
  pages     = {547-552},
  year      = {2005},
  publisher = {Springer},
}

@Article{LP12,
  author    = {Y. Li and J. Pang},
  title     = {An inductive approach to strand spaces},
  journal   = {Formal Aspects of Computing},
  year      = {2013},
  volume    = {25},
  number    = {4},
  pages     = {465-501},
}

@PHDThesis{Bel00,
  author        = {G. Bella},
  title         = {Inductive Verification of Cryptographic Protocols},
  school        = {Cambridge University Computer Laboratory},
  year         = {2000},
}

@article{JH08,
  author        = {B. Jacobs and I. Hasuo},
  title         = {Semantics and logic for security protocols},
  journal       = {Journal of Computer Security},
  volume        = {17},
  number        = {6},
  pages         = {909-944},
  year          = {2009},
}

@inproceedings{Low96,
  author        = {G. Lowe},
  title         = {Breaking and fixing the {N}eedham-{S}chroeder public-key protocol using {FDR}},
  booktitle     = {Proc.\ 2nd Conference on Tools and Algorithms for the Construction and Analysis of Systems},
  series        = {LNCS},
  volume    = {1055},
  pages     = {147-166},
  year      = {1996},
  publisher     = {Springer},
}

@Misc{PaulsonNSL,
  author        = {L. C. Paulson},
  title         = {HOL/Auth/NS_Public},
  note      = {\url{http://isabelle.in.tum.de/library/HOL/Auth/NS\_Public.html}},
  year      = {2010},
}

@Misc{PaulsonEvent,
  author        = {L. C. Paulson},
  title         = {HOL/Auth/NS_Public},
  note      = {\url{http://isabelle.in.tum.de/library/HOL/Auth/Event.html}},
  year      = {2010},
}

@Misc{PaulsonPublic,
  author        = {L. C. Paulson},
  title         = {HOL/Auth/NS_Public},
  note      = {\url{http://isabelle.in.tum.de/library/HOL/Auth/Public.html}},
  year      = {2010},
}

@article{ChaumMix,
  author    = {D. L. Chaum},
  title     = {Untraceable electronic mail, return addresses, and digital pseudonyms},
  journal   = {Communications of the ACM},
  volume    = {24},
  number    = {2},
  year      = {1981},
  pages     = {84--90},
}

@article{DKR09,
  author        = {S. Delaune and S. Kremer and M. D. Ryan},
  journal       = {Journal of Computer Security},
  title         = {Verifying Privacy-type Properties of Electronic Voting Protocols},
  year          = {2009},
  volume        = {17},
  number        = {4},
  pages         = {435-487},
  publisher     = {{IOS} Press}
}

@Article{JMP09,
  author        = {H. L. Jonker and S. Mauw and J. Pang},
  title         = {A formal framework for quantifying voter-controlled privacy},
  journal       = {Journal of Algorithms in Cognition, Informatics and Logic},
  year          = {2009},
  volume        = {64},
  number        = {2-3},
  pages         = {89-105},
}

@InProceedings{LCPD07,
  author        = {L. Luo and X. Cai and J. Pang and Y. Deng},
  title         = {Analyzing an electronic cash protocol using applied pi-calculus},
  booktitle     = {Proc.\ 5th Conference on Applied Cryptography and Network Security},
  publisher     = {Springer},
  series        = {LNCS},
  year          = {2007},
  volume        = {4521},
  pages         = {87-103},
}

@InProceedings{COPT06,
  author        = {T. Chothia and S. M. Orzan and J. Pang and M. {Torabi Dashti}},
  title         = {A framework for automatically checking anonymity with $\mu${CRL}},
  booktitle     = {Proc.\ 2nd Symposium on Trustworthy Global Computing},
  publisher     = {Springer},
  series        = {LNCS},
  year          = {2007},
  volume        = {4661},
  pages         = {301-318},
}

@InProceedings{SGR97,
  author        = {P. F. Syverson and D. M. Goldschlag and M. G. Reed},
  title         = {Anonymous connections and onion routing},
  booktitle     = {Proc.\ 18th IEEE Symposium on Security and Privacy},
  year          = {1997},
  pages         = {44--54},
  publisher     = {IEEE CS},
}

@Article{KMST07,
  author        = {Y. Kawabe and K. Mano and H. Sakurada and Y. Tsukada},
  title         = {Theorem-proving anonymity of infinite state systems},
  journal       = {Information Processing Letters},
  year          = {2007},
  volume        = {101},
  number        = {1},
  pages         = {46-51},
}

@Article{RR98,
  author        = {M. K. Reiter and A. D. Rubin},
  title         = {Crowds: anonymity for Web transactions},
  journal       = {ACM Transactions on Information and System Security},
  year          = {1998},
  volume        = {1},
  number        = {1},
  pages         = {66-92},
}

@InProceedings{KOCF08,
  author        = {W. Kong and K. Ogata and J. Cheng and K. Futatsugi},
  title         = {Trace Anonymity in the {OTS/CafeOBJ} Method},
  booktitle     = {Proc.\ 8th IEEE International Conference on Computer and Information Technology},
  year          = {2008},
  pages         = {754--759},
  publisher     = {IEEE},
}

@inproceedings{JdV06,
  author    = {H. L. Jonker and E. P. de Vink},
  title     = {Formalising receipt-freeness},
  booktitle = {Proc.\ 9th Conference on Information Security},
  publisher = {Springer},
  series    = {LNCS},
  volume    = {4176},
  year  = {2006},
  pages = {476--488}
}

@inproceedings{BRS07,
  author    = {A. Baskar and R. Ramanujam and S. P. Suresh},
  title     = {Knowledge-based modelling of voting protocols},
  booktitle = {Proc.\ 11th Conference on Theoretical Aspects of Rationality and Knowledge},
  year  = {2007},
  pages = {62--71},
  publisher = {ACM},
}

@inproceedings{GRS96,
  author    = {D. M. Goldschlag and M. G. Reed and P. F. Syverson},
  title     = {Hiding Routing Information},
  booktitle = {Proc.\ 1st Workshop on Information Hiding},
  series    = {LNCS 1174},
  pages = {137-150},
  year  = {1996},
  publisher = {Springer},
}

@inproceedings{DMS04,
  author    = {R. Dingledine and N. Mathewson and P. F. Syverson},
  title     = {Tor: {T}he Second-Generation Onion Router},
  booktitle = {Proc.\ 13th USENIX Security Symposium},
  year      = {2004},
  pages     = {303-320},
}


@InProceedings{DJP12,
  author    = {N. Dong and H. L. Jonker and J. Pang},
  title     = {Formal analysis of privacy in an e{H}ealth protocol},
  booktitle = {Proc.\ 17th European Symposium on Research in Computer Security},
  publisher = {Springer},
  series    = {LNCS},
  year      = {2012},
  volume    = {7459},
  pages     = {325-342},
}

@InProceedings{PZ09,
  title     = {How to work with honest but curious judges? (preliminary report)},
  author    = {J. Pang and C. Zhang},
  booktitle = {Proc.\ 7th Workshop on Security Issues in Concurrency},
  series    = {EPTCS},
  year      = {2009},
  volume    = {7},
  pages     = {31-45},
}

@InProceedings{YSZP04,
  author    = {L. Yan and K. Sere and X. Zhou and J. Pang},
  title     = {Towards an integrated architecture for peer-to-peer and ad hoc overlay network applications},
  booktitle = {Proc.\ 10th Workshop on Future Trends in Distributed Computing Systems},
  publisher = {IEEE CS},
  year      = {2004},
  pages     = {312-318},
}

@InProceedings{LP11,
  author    = {Y. Li and J. Pang},
  title     = {An inductive approach to provable anonymity},
  booktitle = {Proc.\ 6th Conference on Availability, Reliability and Security},
  publisher = {IEEE CS},
  year      = {2011},
  pages     = {454-459},
}

@MISC{Li12,
  author = {Y. Li},
  title = {Formalization of provable anonymity in {Isabelle} },
  year = {2012},
  note = {\url{http://lcs.ios.ac.cn/~lyj238/anonymity.html}}
}
