@inproceedings{Bel02,
 author = {Bella, Giampaolo and Paulson, Lawrence C. and Massacci, Fabio},
 title = {The verification of an industrial payment protocol: the SET purchase phase},
 booktitle = {Proceedings of the 9th ACM conference on Computer and communications security},
 series = {CCS '02},
 year = {2002},
 isbn = {1-58113-612-9},
 location = {Washington, DC, USA},
 pages = {12--20},
 numpages = {9},
 url = {http://doi.acm.org/10.1145/586110.586113},
 doi = {http://doi.acm.org/10.1145/586110.586113},
 acmid = {586113},
 publisher = {ACM},
 address = {New York, NY, USA},
 keywords = {electronic commerce, formal verification, inductive specifications, isabelle proof assistant, security protocols},
}





@article{Pau01,
 author = {Paulson, Lawrence C.},
 title = {Relations between secrets: two formal analyses of the Yahalom protocol},
 journal = {J. Comput. Secur.},
 volume = {9},
 issue = {3},
 month = {January},
 year = {2001},
 issn = {0926-227X},
 pages = {197--216},
 numpages = {20},
 url = {http://portal.acm.org/citation.cfm?id=514702.514704},
 acmid = {514704},
 publisher = {IOS Press},
 address = {Amsterdam, The Netherlands, The Netherlands},
}

@article{Pau99,
 author = {Paulson, Lawrence C.},
 title = {Inductive analysis of the Internet protocol TLS},
 journal = {ACM Trans. Inf. Syst. Secur.},
 volume = {2},
 issue = {3},
 month = {August},
 year = {1999},
 issn = {1094-9224},
 pages = {332--351},
 numpages = {20},
 url = {http://doi.acm.org/10.1145/322510.322530},
 doi = {http://doi.acm.org/10.1145/322510.322530},
 acmid = {322530},
 publisher = {ACM},
 address = {New York, NY, USA},
 keywords = {Isabelle, TLS, authentication, inductive method, proof tools},
}

@inproceedings{Li05,
  author    = {Y. Li},
  title     = {The inductive approach to strand space},
  booktitle = {Proc.\ 25th IFIP Conference on Formal Techniques for Networked and Distributed Systems},
  series    = {LNCS},
  volume        = {3731},
  pages     = {547-552},
  year      = {2005},
  publisher     = {Springer},
}

@inproceedings{GHPR05,
  author        = {F.D. Garcia and I. Hasuo and W. Pieters and van Rossum, P.},
  title         = {Provable anonymity},
  booktitle     = {Proc.\ 3rd ACM Workshop on Formal Methods in Security Engineering},
  pages     = {63--72},
  publisher     = {ACM},
  year      = {2005},
}

@article{Pau98,
  author        = {L. C. Paulson},
  title         = {The Inductive Approach to Verifying Cryptographic Protocols},
  journal       = {Journal of Computer Security},
  volume        = {6},
  number        = {1-2},
  pages     = {85-128},
  year      = {1998},
}

@PHDThesis{Bel00,
  author        = {G. Bella},
  title         = {Inductive Verification of Cryptographic Protocols},
  school        = {Cambridge University Computer Laboratory},
  year      = {2000},
}

@article{JH08,
  author        = {B. Jacobs and I. Hasuo},
  title         = {Semantics and logic for security protocols},
  journal       = {Journal of Computer Security},
  volume        = {17},
  number        = {6},
  pages     = {909-944},
  year      = {2009},
}

@Book{NPW02,
  author        = {T. Nipkow and L. C. Paulson and M. Wenzel},
  title         = {Isabelle/{HOL} - A Proof Assistant for Higher-Order Logic},
  series        = {LNCS},
  volume        = {2283},
  publisher     = {Springer},
  year      = {2002},
}

@article{dolevYao,
author = {D. Dolev and A. C. Yao},
title = {On the security of public key protocols},
journal ={Foundations of Computer Science, Annual IEEE Symposium on},
volume = {0},
issn = {0272-5428},
year = {1981},
pages = {350-357},
doi = {http://doi.ieeecomputersociety.org/10.1109/SFCS.1981.32},
publisher = {IEEE Computer Society},
address = {Los Alamitos, CA, USA},
}

@inproceedings{Low96,
  author    = {G. Lowe},
  title     = {Breaking and fixing the {N}eedham-{S}chroeder public-key protocol using {FDR}},
  booktitle = {Proc.\ 2nd International Conference on Tools and Algorithms for the Construction and Analysis of Systems},
  series    = {LNCS 1055},
  pages = {147-166},
  year  = {1996},
  publisher = {Springer},
}
@Misc{PaulsonNSL,
  author    = {L. C. Paulson},
  title     = {HOL/Auth/NS\_Public},
  note  = {\url{http://isabelle.in.tum.de/library/HOL/Auth/NS_Public.html}},
  year  = {2010},
}

@Misc{PaulsonEvent,
  author    = {L. C. Paulson},
  title     = {HOL/Auth/Event},
  note  = {\url{http://isabelle.in.tum.de/library/HOL/Auth/Event.html}},
  year  = {2010},
}

@Misc{PaulsonPublic,
  author    = {L. C. Paulson},
  title     = {HOL/Auth/Public},
  note  = {\url{http://isabelle.in.tum.de/library/HOL/Auth/Public.html}},
  year  = {2010},
}

@Misc{PaulsonMsg,
  author    = {L. C. Paulson},
  title     = {HOL/Auth/Message},
  note  = {\url{http://isabelle.in.tum.de/library/HOL/Auth/Message.html}},
  year  = {2010},
}

@article{ChaumMix,
 author = {Chaum,, David L.},
 title = {Untraceable electronic mail, return addresses, and digital pseudonyms},
 journal = {Communications of the ACM},
 volume = {24},
 number = {2},
 year = {1981},
 issn = {0001-0782},
 pages = {84--90},
 doi = {http://doi.acm.org/10.1145/358549.358563},
 publisher = {ACM},
 address = {New York, NY, USA},
 }

 @article{HalpernAnomity,
 author = {Halpern, Joseph Y. and O'Neill, Kevin R.},
 title = {Anonymity and information hiding in multiagent systems},
 journal = {J. Computer Security},
 volume = {13},
 number = {3},
 year = {2005},
 issn = {0926-227X},
 pages = {483--514},
 publisher = {IOS Press},
 address = {Amsterdam, The Netherlands, The Netherlands},
 }

 @inproceedings{ProvableAnonymity,
 author = {Garcia,, Flavio D. and Hasuo,, Ichiro and Pieters,, Wolter and van Rossum,, Peter},
 title = {Provable anonymity},
 booktitle = {FMSE '05: Proceedings of the 2005 ACM workshop on Formal methods in security engineering},
 year = {2005},
 isbn = {1-59593-231-3},
 pages = {63--72},
 location = {Fairfax, VA, USA},
 doi = {http://doi.acm.org/10.1145/1103576.1103585},
 publisher = {ACM},
 address = {New York, NY, USA},
 }

@Misc{NSLi,
  author   = {Y. Li},
  title    = {A Note on the Inductive Approach to Security Protocols},
  note     = {\url{http://lcs.ios.ac.cn/~lyj238/NSLi.html}},
}

@Misc{LiLarry,
  author   = {Y. Li and L. C. Paulson},
  title    = {Private Communication.  A note on the trace definition of the security protocol},

}

@Misc{YuNipkowComm,
  author   = {Yu Gang and Tobias Nipkow},
  title    = {Private Communication.  Questions on learning Isabelle course},

}

@Misc{NipkowTutorial,
    author ={Tobias Nipkow},
     title    = {TUTORIAL 1: Theorem Proving with Isabelle/HOL in ICTAC 2004},
     note={\url{http://www.iist.unu.edu/ICTAC2004/tutorials.html}},
     year = {2004}
}

@incollection{ICTAC2004Tutorial,
year={2005},
isbn={978-3-540-25304-4},
booktitle={Theoretical Aspects of Computing - ICTAC 2004},
volume={3407},
series={Lecture Notes in Computer Science},
editor={Liu, Zhiming and Araki, Keijiro},
doi={10.1007/978-3-540-31862-0_39},
title={A Summary of the Tutorials at ICTAC 2004},
url={http://dx.doi.org/10.1007/978-3-540-31862-0_39},
publisher={Springer Berlin Heidelberg},
author={Liu, Zhiming},
pages={557-560}
}

@inproceedings{LiMechanizeProof2007,
 author = {Li, Yongjian},
 title = {Mechanized Proofs for the Parameter Abstraction and Guard Strengthening Principle in Parameterized Verification of Cache Coherence Protocols},
 booktitle = {Proceedings of the 2007 ACM Symposium on Applied Computing},
 series = {SAC '07},
 year = {2007},
 isbn = {1-59593-480-4},
 location = {Seoul, Korea},
 pages = {1534--1535},
 numpages = {2},
 url = {http://doi.acm.org/10.1145/1244002.1244329},
 doi = {10.1145/1244002.1244329},
 acmid = {1244329},
 publisher = {ACM},
 address = {New York, NY, USA},
 keywords = {parameterized verification, symmetry, theorem proving},
}
