% This file was created with JabRef 2.9.2.
% Encoding: GBK
@incollection{cubicle2011,
year={2012},
isbn={978-3-642-31423-0},
booktitle={Proc.\ 24th International Conference on Computer Aided Verification},
volume={7358},
series={LNCS},
editor={Madhusudan, P. and Seshia, SanjitA.},
title={Cubicle: A Parallel SMT-Based Model Checker for Parameterized Systems},
publisher={Springer},
author={Conchon, Sylvain and Goel, Amit and Krstic, Sava and Mebsout, Alain and Za\"idi, Fatiha},
pages={718-724}
}


@inproceedings{Lv2007,
 author = {Lv, Yi and Lin, Huimin and Pan, Hong},
 title = {Computing Invariants for Parameter Abstraction},
 booktitle = {Proc.\ the 5th IEEE/ACM International Conference on Formal Methods and Models for Codesign},
 year = {2007},
 pages = {29--38},
 publisher = {IEEE CS},
 }



@incollection{locale13,
year={2006},
isbn={978-3-540-37104-5},
booktitle={Mathematical Knowledge Management},
volume={4108},
series={Lecture Notes in Computer Science},
editor={Borwein, JonathanM. and Farmer, WilliamM.},
doi={10.1007/11812289_4},
title={Interpretation of Locales in Isabelle: Theories and Proof Contexts},
url={http://dx.doi.org/10.1007/11812289_4},
publisher={Springer Berlin Heidelberg},
author={Ballarin, Clemens},
pages={31-43}
}



@inproceedings{Li2007Sac,
 author = {Li, Yongjian},
 title = {Mechanized Proofs for the Parameter Abstraction and Guard Strengthening Principle in Parameterized Verification of Cache Coherence Protocols},
 booktitle = {Proc.\ 22nd ACM Symposium on Applied Computing},
 year = {2007},
 pages = {1534--1535},
 publisher = {ACM},
}




@ARTICLE{Apt1986,
  author = {Krzysztof R. Apt and Dexter C. Kozen},
  title = {Limits for automatic verification of finite-state concurrent systems},
  journal = {Information Processing Letters},
  year = {1986},
  volume = {22},
  pages = {307 - 309},
  number = {6},
  doi = {http://dx.doi.org/10.1016/0020-0190(86)90071-2},
  issn = {0020-0190},
  keywords = {Logics of programs},
  owner = {XiaolinHa},
  timestamp = {2014.01.16},
  url = {http://www.sciencedirect.com/science/article/pii/0020019086900712}
}

@INCOLLECTION{Arons2001,
  author = {Arons, Tamarah and Pnueli, Amir and Ruah, Sitvanit and Xu, Ying and
    Zuck, Lenore},
  title = {Parameterized Verification with Automatically Computed Inductive
    Assertions?},
  booktitle = {Proc.\ 13th International Conference on Computer Aided Verification},
  publisher = {Springer},
  year = {2001},
  volume = {2102},
  series = {LNCS},
  pages = {221-234},
}

@INCOLLECTION{Baukus2002,
  author = {Baukus, Kai and Lakhnech, Yassine and Stahl, Karsten},
  title = {Parameterized Verification of a Cache Coherence Protocol: Safety
    and Liveness},
  booktitle = {Verification, Model Checking, and Abstract Interpretation},
  publisher = {Springer Berlin Heidelberg},
  year = {2002},
  editor = {Cortesi, Agostino},
  volume = {2294},
  series = {Lecture Notes in Computer Science},
  pages = {317-330},
  doi = {10.1007/3-540-47813-2_22},
  isbn = {978-3-540-43631-7},
  language = {English},
  owner = {XiaolinHa},
  timestamp = {2014.01.16},
  url = {http://dx.doi.org/10.1007/3-540-47813-2_22}
}

@INCOLLECTION{Bensalem1996,
  author = {Bensalem, Saddek and Lakhnech, Yassine and Saidi, Hassen},
  title = {Powerful techniques for the automatic generation of invariants},
  booktitle = {Computer Aided Verification},
  publisher = {Springer Berlin Heidelberg},
  year = {1996},
  editor = {Alur, Rajeev and Henzinger, ThomasA.},
  volume = {1102},
  series = {Lecture Notes in Computer Science},
  pages = {323-335},
  doi = {10.1007/3-540-61474-5_80},
  isbn = {978-3-540-61474-6},
  owner = {XiaolinHa},
  timestamp = {2014.01.16},
  url = {http://dx.doi.org/10.1007/3-540-61474-5_80}
}

@INCOLLECTION{Bingham2005,
  author = {Bingham, Jesse and Hu, AlanJ.},
  title = {Empirically Efficient Verification for a Class of Infinite-State
    Systems},
  booktitle = {Tools and Algorithms for the Construction and Analysis of Systems},
  publisher = {Springer Berlin Heidelberg},
  year = {2005},
  editor = {Halbwachs, Nicolas and Zuck, LenoreD.},
  volume = {3440},
  series = {Lecture Notes in Computer Science},
  pages = {77-92},
  doi = {10.1007/978-3-540-31980-1_6},
  isbn = {978-3-540-25333-4},
  owner = {XiaolinHa},
  timestamp = {2014.01.16},
  url = {http://dx.doi.org/10.1007/978-3-540-31980-1_6}
}

@ARTICLE{Bj√∏rner1997,
  author = {Nikolaj Bj\"orner and Anca Browne and Zohar Manna},
  title = {Automatic generation of invariants and intermediate assertions },
  journal = {Theoretical Computer Science },
  year = {1997},
  volume = {173},
  pages = {49 - 87},
  number = {1},
}

@INCOLLECTION{Chou2004,
  author = {Chou, Ching-Tsun and Mannava, PhanindraK. and Park, Seungjoon},
  title = {A Simple Method for Parameterized Verification of Cache Coherence
    Protocols},
  booktitle = {Proc.\ 5th International Conference on Formal Methods in Computer-Aided Design},
  publisher = {Springer},
  year = {2004},
  volume = {3312},
  series = {LNCS},
  pages = {382-398},
}

@ARTICLE{Clarke2003,
  author = {Clarke, Edmund and Grumberg, Orna and Jha, Somesh and Lu, Yuan and
    Veith, Helmut},
  title = {Counterexample-guided Abstraction Refinement for Symbolic Model Checking},
  journal = {J. ACM},
  year = {2003},
  volume = {50},
  pages = {752--794},
  number = {5},
  month = sep,
  acmid = {876643},
  address = {New York, NY, USA},
  doi = {10.1145/876638.876643},
  issn = {0004-5411},
  issue_date = {September 2003},
  keywords = {Abstraction, hardware verification, symbolic model checking, temporal
    logic},
  numpages = {43},
  owner = {XiaolinHa},
  publisher = {ACM},
  timestamp = {2014.01.16},
  url = {http://doi.acm.org/10.1145/876638.876643}
}

@INCOLLECTION{Das1999,
  author = {Das, Satyaki and Dill, DavidL. and Park, Seungjoon},
  title = {Experience with Predicate Abstraction},
  booktitle = {Computer Aided Verification},
  publisher = {Springer Berlin Heidelberg},
  year = {1999},
  editor = {Halbwachs, Nicolas and Peled, Doron},
  volume = {1633},
  series = {Lecture Notes in Computer Science},
  pages = {160-171},
  doi = {10.1007/3-540-48683-6_16},
  isbn = {978-3-540-66202-0},
  language = {English},
  owner = {XiaolinHa},
  timestamp = {2014.01.16},
  url = {http://dx.doi.org/10.1007/3-540-48683-6_16}
}

@INCOLLECTION{Emerson2003,
  author = {Emerson, E.Allen and Kahlon, Vineet},
  title = {Exact and Efficient Verification of Parameterized Cache Coherence
    Protocols},
  booktitle = {Correct Hardware Design and Verification Methods},
  publisher = {Springer Berlin Heidelberg},
  year = {2003},
  editor = {Geist, Daniel and Tronci, Enrico},
  volume = {2860},
  series = {Lecture Notes in Computer Science},
  pages = {247-262},
  doi = {10.1007/978-3-540-39724-3_22},
  isbn = {978-3-540-20363-6},
  owner = {XiaolinHa},
  timestamp = {2014.01.16},
  url = {http://dx.doi.org/10.1007/978-3-540-39724-3_22}
}

@INPROCEEDINGS{German2006,
  author = {German},
  title = {Personal communication},
  year = {2006},
  owner = {XiaolinHa},
  timestamp = {2014.01.16}
}

@INPROCEEDINGS{German2004,
  author = {German, Steven and Janssen, Geert},
  title = {Tutorial on verification of distributed cache memory protocols},
  booktitle = {Formal methods in computer aided design},
  year = {2004},
  __markedentry = {[XiaolinHa:]},
  owner = {XiaolinHa},
  timestamp = {2014.01.16}
}

@ARTICLE{Krstic2005,
  author = {Krstic, Sava},
  title = {Parameterized system verification with guard strengthening and parameter
    abstraction},
  journal = {Automated Verification of Infinite State Systems},
  year = {2005},
}

@INCOLLECTION{Lahiri2004,
  author = {Lahiri, ShuvenduK. and Bryant, RandalE.},
  title = {Indexed Predicate Discovery for Unbounded System Verification},
  booktitle = {Computer Aided Verification},
  publisher = {Springer Berlin Heidelberg},
  year = {2004},
  editor = {Alur, Rajeev and Peled, DoronA.},
  volume = {3114},
  series = {Lecture Notes in Computer Science},
  pages = {135-147},
  doi = {10.1007/978-3-540-27813-9_11},
  isbn = {978-3-540-22342-9},
  owner = {XiaolinHa},
  timestamp = {2014.01.16},
  url = {http://dx.doi.org/10.1007/978-3-540-27813-9_11}
}

@INPROCEEDINGS{Mcmillan2001,
  author = {K. L. Mcmillan and Cadence Berkeley Labs},
  title = {Parameterized verification of the FLASH cache coherence protocol
    by compositional model checking},
  booktitle = {In CHARME 01: IFIP Working Conference on Correct Hardware Design
    and Verification Methods, Lecture Notes in Computer Science 2144},
  year = {2001},
  pages = {179--195},
  publisher = {Springer},
  __markedentry = {[XiaolinHa:6]},
  owner = {XiaolinHa},
  timestamp = {2014.01.16}
}

@INCOLLECTION{Pandav2005,
  author = {Pandav, Sudhindra and Slind, Konrad and Gopalakrishnan, Ganesh},
  title = {Counterexample Guided Invariant Discovery for Parameterized Cache
    Coherence Verification},
  booktitle = {Proc.\ 13th IFIP Advanced Research Working Conference on Correct Hardware Design and Verification Methods},
  publisher = {Springer},
  year = {2005},
  volume = {3725},
  series = {LNCS},
  pages = {317-331},
}

@INPROCEEDINGS{Park1996,
  author = {Park, Seungjoon and Dill, David L.},
  title = {Verification of FLASH Cache Coherence Protocol by Aggregation of
    Distributed Transactions},
  booktitle = {Proceedings of the Eighth Annual ACM Symposium on Parallel Algorithms
    and Architectures},
  year = {1996},
  series = {SPAA '96},
  pages = {288--296},
  address = {New York, NY, USA},
  publisher = {ACM},
  acmid = {237573},
  doi = {10.1145/237502.237573},
  isbn = {0-89791-809-6},
  location = {Padua, Italy},
  numpages = {9},
  owner = {XiaolinHa},
  timestamp = {2014.01.16},
  url = {http://doi.acm.org/10.1145/237502.237573}
}

@INCOLLECTION{Pnueli2001,
  author = {Pnueli, Amir and Ruah, Sitvanit and Zuck, Lenore},
  title = {Automatic Deductive Verification with Invisible Invariants},
  booktitle = {7th International Conference on Tools and Algorithms for the Construction and Analysis of Systems},
  publisher = {Springer},
  year = {2001},
  volume = {2031},
  series = {LNCS},
  pages = {82-97},
}

@INCOLLECTION{Pnueli1996,
  author = {Pnueli, Amir and Shahar, Elad},
  title = {A platform for combining deductive with algorithmic verification},
  booktitle = {Computer Aided Verification},
  publisher = {Springer Berlin Heidelberg},
  year = {1996},
  editor = {Alur, Rajeev and Henzinger, ThomasA.},
  volume = {1102},
  series = {Lecture Notes in Computer Science},
  pages = {184-195},
  doi = {10.1007/3-540-61474-5_68},
  isbn = {978-3-540-61474-6},
  owner = {XiaolinHa},
  timestamp = {2014.01.16},
  url = {http://dx.doi.org/10.1007/3-540-61474-5_68}
}

@InProceedings{PPV04,
  author    = {J. Pang and J. C. {van de Pol} and M. {Valero Espada}},
  title     = {Abstraction of parallel uniform processes with data},
  booktitle = {Proc.\ 2nd International Conference on Software Engineering and Formal Methods},
  publisher = {IEEE CS},
  year      = {2004},
  pages     = {14-23},
}


@INCOLLECTION{Tiwari2001,
  author = {Tiwari, A. and Rue\ss, H. and Sa\"idi, H. and Shankar, N.},
  title = {A Technique for Invariant Generation},
  booktitle = {Proc.\ 7th International Conference on Tools and Algorithms for the Construction and Analysis of Systems},
  publisher = {Springer},
  year = {2001},
  volume = {2031},
  series = {LNCS},
  pages = {113-127},
}

@MISC{LiCache13,
  author = {Y. Li },
  title = { Parameterized Verification of Cache Coherence Protocols in Isabelle},
  year = {2014},
  note = {\url{http://lcs.ios.ac.cn/~lyj238/paraCache.html}}
  }

@MISC{LiCache14,
  author = {Y. Li },
  title = { invFinder: an invariant finder},
  year = {2014},
  note = {\url{http://lcs.ios.ac.cn/~lyj238/invFinder.html}}
  }

@book{ctcs3,
 author = {CTCS-3º∂¡–øÿœµÕ≥Œﬁœﬂ±’»˚÷––ƒ…Ë±∏—–∑¢≤ø},
 title = {CTCS-3º∂¡–øÿœµÕ≥––≥µ–Ìø…œﬁÀŸ”ÎRBC«–ªªºº ı
–Œ ΩªØ—È÷§ºº ı“™«Û
},
 year = {2015},
 publisher = {±±æ©»´¬∑Õ®–≈–≈∫≈—–æø…Ëº∆‘∫”–œﬁπ´Àæ},
}

@MISC{LiCache16,
  author = {Y. Li, Kaiqiang duan },
  title = {paraVerifier},
  year = {2016},
  note = {\url{https://github.com/paraVerifier/paraVerifier}}
  }
